@article{gutheim2012fantasktic,
  title={Fantasktic: Improving quality of results for novice crowdsourcing users},
  author={Gutheim, Philipp and Hartmann, Bj{\"o}rn},
  journal={EECS Dept., Univ. California, Berkeley, CA, USA, Tech. Rep. UCB/EECS-2012},
  volume={112},
  year={2012}
}
@inproceedings{finnerty2013keep,
  title={Keep it simple: Reward and task design in crowdsourcing},
  author={Finnerty, Ailbhe and Kucherbaev, Pavel and Tranquillini, Stefano and Convertino, Gregorio},
  booktitle={Proceedings of the Biannual Conference of the Italian Chapter of SIGCHI},
  pages={1--4},
  year={2013}
}

% below are requester studies from Laura
@inproceedings{gaikwad2016boomerang,
  author    = {Snehalkumar S. Gaikwad and Durim Morina and Adam Ginzberg and Catherine Mullings and Shirish Goyal and Dilrukshi Gamage and Michael S. Bernstein},
  title     = {Boomerang: Rebounding the Consequences of Reputation Feedback on Crowdsourcing Platforms},
  booktitle = {Proceedings of the 29th Annual Symposium on User Interface Software and Technology},
  pages     = {625--637},
  year      = {2016},
  publisher = {ACM},
  doi       = {10.1145/2984511.2984542},
  url       = {https://dl.acm.org/doi/10.1145/2984511.2984542}
}

@inproceedings{papoutsaki2015crowdsourcing,
  author    = {Alexandra Papoutsaki and Hua Guo and Danae Metaxa-Kakavouli and Connor Gramazio and Jeff Rasley and Wenting Xie and Guan Wang and Jeff Huang},
  title     = {Crowdsourcing from Scratch: A Pragmatic Experiment in Data Collection by Novice Requesters},
  booktitle = {Proceedings of the AAAI Conference on Human Computation and Crowdsourcing},
  volume    = {3},
  pages     = {140--149},
  year      = {2015},
  publisher = {AAAI Press},
  url       = {https://ojs.aaai.org/index.php/HCOMP/article/view/13230}
}

@article{xia2020privacy,
  author    = {Huichuan Xia and Brian McKernan},
  title     = {Privacy in Crowdsourcing: A Review of the Threats and Challenges},
  journal   = {Computer Supported Cooperative Work (CSCW)},
  volume    = {29},
  pages     = {263--301},
  year      = {2020},
  publisher = {Springer},
  doi       = {10.1007/s10606-020-09374-0},
  url       = {https://link.springer.com/article/10.1007/s10606-020-09374-0}
}

@inproceedings{xu2017incentivizing,
  author    = {Jia Xu and Hong Li and Yanhua Li and Dapeng Yang and Tingting Li},
  title     = {Incentivizing the Biased Requesters: Truthful Task Assignment Mechanisms in Crowdsourcing},
  booktitle = {2017 14th Annual IEEE International Conference on Sensing, Communication, and Networking (SECON)},
  pages     = {1--9},
  year      = {2017},
  publisher = {IEEE},
  doi       = {10.1109/SAHCN.2017.7964933},
  url       = {https://ieeexplore.ieee.org/document/7964933}
}

@inproceedings{kittur2008crowdsourcing,
  author    = {Aniket Kittur and Ed H. Chi and Bongwon Suh},
  title     = {Crowdsourcing User Studies with Mechanical Turk},
  booktitle = {Proceedings of the SIGCHI Conference on Human Factors in Computing Systems},
  pages     = {453--456},
  year      = {2008},
  publisher = {ACM},
  doi       = {10.1145/1357054.1357127},
  url       = {https://dl.acm.org/doi/10.1145/1357054.1357127}
}

@article{mason2012conducting,
  author    = {Winter Mason and Siddharth Suri},
  title     = {Conducting Behavioral Research on Amazon’s Mechanical Turk},
  journal   = {Behavior Research Methods},
  volume    = {44},
  number    = {1},
  pages     = {1--23},
  year      = {2012},
  publisher = {Springer},
  doi       = {10.3758/s13428-011-0124-6},
  url       = {https://link.springer.com/article/10.3758/s13428-011-0124-6}
}

@inproceedings{martin2014being,
  author    = {David Martin and Benjamin V. Hanrahan and Jacki O'Neill and Neha Gupta},
  title     = {Being a Turker},
  booktitle = {Proceedings of the 17th ACM Conference on Computer Supported Cooperative Work \& Social Computing},
  pages     = {224--235},
  year      = {2014},
  publisher = {ACM},
  doi       = {10.1145/2531602.2531663},
  url       = {https://dl.acm.org/doi/10.1145/2531602.2531663}
}


% worker advocacy
@inproceedings{salehi2015we,
  title={We are dynamo: Overcoming stalling and friction in collective action for crowd workers},
  author={Salehi, Niloufar and Irani, Lilly C and Bernstein, Michael S and Alkhatib, Ali and Ogbe, Eva and Milland, Kristy and Clickhappier},
  booktitle={Proceedings of the 33rd annual ACM conference on human factors in computing systems},
  pages={1621--1630},
  year={2015}
}
@article{salehi2018ink,
  title={Ink: Increasing worker agency to reduce friction in hiring crowd workers},
  author={Salehi, Niloufar and Bernstein, Michael S},
  journal={ACM Transactions on Computer-Human Interaction (TOCHI)},
  volume={25},
  number={2},
  pages={1--17},
  year={2018},
  publisher={ACM New York, NY, USA}
}
@article{silberman2018responsible,
  title={Responsible research with crowds: pay crowdworkers at least minimum wage},
  author={Silberman, M Six and Tomlinson, Bill and LaPlante, Rochelle and Ross, Joel and Irani, Lilly and Zaldivar, Andrew},
  journal={Communications of the ACM},
  volume={61},
  number={3},
  pages={39--41},
  year={2018},
  publisher={ACM New York, NY, USA}
}
@inproceedings{irani2016stories,
  title={Stories We Tell About Labor: Turkopticon and the Trouble with" Design"},
  author={Irani, Lilly C and Silberman, M Six},
  booktitle={Proceedings of the 2016 CHI conference on human factors in computing systems},
  pages={4573--4586},
  year={2016}
}
@article{toxtli2021quantifying,
  title={Quantifying the invisible labor in crowd work},
  author={Toxtli, Carlos and Suri, Siddharth and Savage, Saiph},
  journal={Proceedings of the ACM on human-computer interaction},
  volume={5},
  number={CSCW2},
  pages={1--26},
  year={2021},
  publisher={ACM New York, NY, USA}
}

% the use of 'task design' terminology within crowd work literature
@article{zheng2011task,
  title={Task design, motivation, and participation in crowdsourcing contests},
  author={Zheng, Haichao and Li, Dahui and Hou, Wenhua},
  journal={International Journal of Electronic Commerce},
  volume={15},
  number={4},
  pages={57--88},
  year={2011},
  publisher={Taylor \& Francis}
}
@inproceedings{bragg2018sprout,
  title={Sprout: Crowd-powered task design for crowdsourcing},
  author={Bragg, Jonathan and Mausam and Weld, Daniel S},
  booktitle={Proceedings of the 31st annual acm symposium on user interface software and technology},
  pages={165--176},
  year={2018}
}
% Niki's paper actually refers to task designers as task task designers
@inproceedings{kittur2011crowdforge,
  title={Crowdforge: Crowdsourcing complex work},
  author={Kittur, Aniket and Smus, Boris and Khamkar, Susheel and Kraut, Robert E},
  booktitle={Proceedings of the 24th annual ACM symposium on User interface software and technology},
  pages={43--52},
  year={2011}
}
@inproceedings{alagarai2014cognitively,
  title={Cognitively inspired task design to improve user performance on crowdsourcing platforms},
  author={Alagarai Sampath, Harini and Rajeshuni, Rajeev and Indurkhya, Bipin},
  booktitle={proceedings of the SIGCHI conference on human factors in computing systems},
  pages={3665--3674},
  year={2014}
}
@article{allen2018design,
  title={Design crowdsourcing: The impact on new product performance of sourcing design solutions from the “crowd”},
  author={Allen, BJ and Chandrasekaran, Deepa and Basuroy, Suman},
  journal={Journal of Marketing},
  volume={82},
  number={2},
  pages={106--123},
  year={2018},
  publisher={SAGE Publications Sage CA: Los Angeles, CA}
}

% even outside RAI context, workers are not healthy...
@article{schlicher2021flexible,
  title={Flexible, self-determined… and unhealthy? An empirical study on somatic health among crowdworkers},
  author={Schlicher, Katharina D and Schulte, Julian and Reimann, Mareike and Maier, G{\"u}nter W},
  journal={Frontiers in Psychology},
  volume={12},
  pages={724966},
  year={2021},
  publisher={Frontiers Media SA}
}
